<!DOCTYPE html>
<meta charset="utf-8" />
<!-- version 1 -->
<title>[Gen 8] VGC 2021 Series 11 replay: SnarkAttacks vs. amzamora</title>
<style>
html,body {font-family:Verdana, sans-serif;font-size:10pt;margin:0;padding:0;}body{padding:12px 0;} .battle-log {font-family:Verdana, sans-serif;font-size:10pt;} .battle-log-inline {border:1px solid #AAAAAA;background:#EEF2F5;color:black;max-width:640px;margin:0 auto 80px;padding-bottom:5px;} .battle-log .inner {padding:4px 8px 0px 8px;} .battle-log .inner-preempt {padding:0 8px 4px 8px;} .battle-log .inner-after {margin-top:0.5em;} .battle-log h2 {margin:0.5em -8px;padding:4px 8px;border:1px solid #AAAAAA;background:#E0E7EA;border-left:0;border-right:0;font-family:Verdana, sans-serif;font-size:13pt;} .battle-log .chat {vertical-align:middle;padding:3px 0 3px 0;font-size:8pt;} .battle-log .chat strong {color:#40576A;} .battle-log .chat em {padding:1px 4px 1px 3px;color:#000000;font-style:normal;} .chat.mine {background:rgba(0,0,0,0.05);margin-left:-8px;margin-right:-8px;padding-left:8px;padding-right:8px;} .spoiler {color:#BBBBBB;background:#BBBBBB;padding:0px 3px;} .spoiler:hover, .spoiler:active, .spoiler-shown {color:#000000;background:#E2E2E2;padding:0px 3px;} .spoiler a {color:#BBBBBB;} .spoiler:hover a, .spoiler:active a, .spoiler-shown a {color:#2288CC;} .chat code, .chat .spoiler:hover code, .chat .spoiler:active code, .chat .spoiler-shown code {border:1px solid #C0C0C0;background:#EEEEEE;color:black;padding:0 2px;} .chat .spoiler code {border:1px solid #CCCCCC;background:#CCCCCC;color:#CCCCCC;} .battle-log .rated {padding:3px 4px;} .battle-log .rated strong {color:white;background:#89A;padding:1px 4px;border-radius:4px;} .spacer {margin-top:0.5em;} .message-announce {background:#6688AA;color:white;padding:1px 4px 2px;} .message-announce a, .broadcast-green a, .broadcast-blue a, .broadcast-red a {color:#DDEEFF;} .broadcast-green {background-color:#559955;color:white;padding:2px 4px;} .broadcast-blue {background-color:#6688AA;color:white;padding:2px 4px;} .infobox {border:1px solid #6688AA;padding:2px 4px;} .infobox-limited {max-height:200px;overflow:auto;overflow-x:hidden;} .broadcast-red {background-color:#AA5544;color:white;padding:2px 4px;} .message-learn-canlearn {font-weight:bold;color:#228822;text-decoration:underline;} .message-learn-cannotlearn {font-weight:bold;color:#CC2222;text-decoration:underline;} .message-effect-weak {font-weight:bold;color:#CC2222;} .message-effect-resist {font-weight:bold;color:#6688AA;} .message-effect-immune {font-weight:bold;color:#666666;} .message-learn-list {margin-top:0;margin-bottom:0;} .message-throttle-notice, .message-error {color:#992222;} .message-overflow, .chat small.message-overflow {font-size:0pt;} .message-overflow::before {font-size:9pt;content:'...';} .subtle {color:#3A4A66;}
</style>
<div class="wrapper replay-wrapper" style="max-width:1180px;margin:0 auto">
<input type="hidden" name="replayid" value="gen8vgc2021series11-1451338842" />
<div class="battle"></div><div class="battle-log"></div><div class="replay-controls"></div><div class="replay-controls-2"></div>
<h1 style="font-weight:normal;text-align:center"><strong>[Gen 8] VGC 2021 Series 11</strong><br /><a href="http://pokemonshowdown.com/users/snarkattacks" class="subtle" target="_blank">SnarkAttacks</a> vs. <a href="http://pokemonshowdown.com/users/amzamora" class="subtle" target="_blank">amzamora</a></h1>
<script type="text/plain" class="battle-log-data">|j|‽SnarkAttacks
|j|☆amzamora
|t:|1636407419
|gametype|doubles
|player|p1|SnarkAttacks|102|1193
|player|p2|amzamora|lucas|1131
|teamsize|p1|6
|teamsize|p2|6
|gen|8
|tier|[Gen 8] VGC 2021 Series 11
|rated|
|rule|Species Clause: Limit one of each Pokémon
|rule|Item Clause: Limit one of each item
|clearpoke
|poke|p1|Charizard, L50, M|
|poke|p1|Venusaur, L50, F|
|poke|p1|Groudon, L50|
|poke|p1|Umbreon, L50, F|
|poke|p1|Regieleki, L50|
|poke|p1|Incineroar, L50, F|
|poke|p2|Steelix, L50, F|
|poke|p2|Klefki, L50, M|
|poke|p2|Dragonite, L50, M|
|poke|p2|Sableye, L50, F|
|poke|p2|Sylveon, L50, F|
|poke|p2|Chandelure, L50, F|
|teampreview|4
|
|t:|1636407450
|start
|switch|p1a: Groudon|Groudon, L50|100\/100
|switch|p1b: Regieleki|Regieleki, L50|100\/100
|switch|p2a: Klefki|Klefki, L50, M|100\/100
|switch|p2b: Dragonite|Dragonite, L50, M|100\/100
|-weather|SunnyDay|[from] ability: Drought|[of] p1a: Groudon
|turn|1
|inactive|Battle timer is ON: inactive players will automatically lose when time's up. (requested by SnarkAttacks)
|
|t:|1636407475
|move|p2a: Klefki|Reflect|p2a: Klefki
|-sidestart|p2: amzamora|Reflect
|move|p1b: Regieleki|Volt Switch|p2a: Klefki
|-damage|p2a: Klefki|41\/100
|
|t:|1636407481
|switch|p1b: Charizard|Charizard, L50, M|100\/100|[from]move: Volt Switch
|move|p2b: Dragonite|Dragon Dance|p2b: Dragonite
|-boost|p2b: Dragonite|atk|1
|-boost|p2b: Dragonite|spe|1
|move|p1a: Groudon|Rock Slide|p2b: Dragonite|[spread] p2a,p2b
|-resisted|p2a: Klefki
|-supereffective|p2b: Dragonite
|-damage|p2a: Klefki|36\/100
|-damage|p2b: Dragonite|84\/100
|-enditem|p2b: Dragonite|Weakness Policy
|-boost|p2b: Dragonite|atk|2|[from] item: Weakness Policy
|-boost|p2b: Dragonite|spa|2|[from] item: Weakness Policy
|
|-weather|SunnyDay|[upkeep]
|-damage|p1b: Charizard|88\/100|[from] ability: Solar Power|[of] p1b: Charizard
|upkeep
|turn|2
|
|t:|1636407506
|-start|p2b: Dragonite|Dynamax
|-heal|p2b: Dragonite|84\/100|[silent]
|-start|p1b: Charizard|Dynamax
|-formechange|p1b: Charizard|Charizard-Gmax
|-heal|p1b: Charizard|88\/100|[silent]
|move|p2a: Klefki|Thunder Wave|p1b: Charizard
|-status|p1b: Charizard|par
|move|p2b: Dragonite|Max Airstream|p1b: Charizard
|-damage|p1b: Charizard|0 fnt
|-boost|p2a: Klefki|spe|1
|-boost|p2b: Dragonite|spe|1
|faint|p1b: Charizard
|move|p1a: Groudon|Rock Slide|p2a: Klefki|[spread] p2a,p2b
|-resisted|p2a: Klefki
|-supereffective|p2b: Dragonite
|-damage|p2a: Klefki|30\/100
|-damage|p2b: Dragonite|66\/100
|
|-weather|SunnyDay|[upkeep]
|upkeep
|-message|SnarkAttacks forfeited.
|
|win|amzamora
|raw|SnarkAttacks's rating: 1193 &rarr; <strong>1164<\/strong><br \/>(-29 for losing)
|raw|amzamora's rating: 1131 &rarr; <strong>1160<\/strong><br \/>(+29 for winning)
|l|‽SnarkAttacks
|l|☆amzamora
||Ladder isn't responding, score probably updated but might not have (Request timeout).
|j|‽SnarkAttacks
|player|p1|SnarkAttacks|102
|n|‽SnarkAttacks|snarkattacks
</script>
</div>
<div class="battle-log battle-log-inline"><div class="inner"><div class="battle-options"></div><div class="inner message-log"><div class="chat"><small>‽SnarkAttacks and ☆amzamora joined</small></div><div class=""><small>Format:</small> <br><strong>[Gen 8] VGC 2021 Series 11</strong></div><div class="rated"><strong>Rated battle</strong></div><div class=""><small><em>Species Clause:</em> Limit one of each Pokémon</small></div><div class=""><small><em>Item Clause:</em> Limit one of each item</small></div><div class="chat battle-history"><strong>SnarkAttacks's team:</strong> <em style="color:#445566;display:block;">Charizard / Venusaur / Groudon / Umbreon / Regieleki / Incineroar</em></div><div class="chat battle-history"><strong>amzamora's team:</strong> <em style="color:#445566;display:block;">Steelix / Klefki / Dragonite / Sableye / Sylveon / Chandelure</em></div><div class="spacer battle-history"><br></div><div class="battle-history">Battle started between SnarkAttacks and amzamora!<br></div><div class="spacer battle-history"><br></div><div class="battle-history">Go! <strong>Groudon</strong>!<br></div><div class="spacer battle-history"><br></div><div class="battle-history">Go! <strong>Regieleki</strong>!<br></div><div class="spacer battle-history"><br></div><div class="battle-history">amzamora sent out <strong>Klefki</strong>!<br></div><div class="spacer battle-history"><br></div><div class="battle-history">amzamora sent out <strong>Dragonite</strong>!<br></div><div class="battle-history">[Groudon's Drought]<br><small>The sunlight turned harsh!</small><br></div><div class="spacer battle-history"><br></div><h2 class="battle-history">Turn 1</h2><div class="chat message-error">Battle timer is ON: inactive players will automatically lose when time's up. (requested by SnarkAttacks)</div><div class="spacer battle-history"><br></div><div class="battle-history">The opposing Klefki used <strong>Reflect</strong>!<br></div><div class="battle-history"><small>Reflect made the opposing team stronger against physical moves!</small><br></div><div class="spacer battle-history"><br></div><div class="battle-history">Regieleki used <strong>Volt Switch</strong>!<br></div><div class="battle-history"><small>(The opposing Klefki lost 59% of its health!)</small><br></div><div class="spacer battle-history"><br></div><div class="battle-history">Regieleki went back to SnarkAttacks!<br></div><div class="battle-history">Go! <strong>Charizard</strong>!<br></div><div class="spacer battle-history"><br></div><div class="battle-history">The opposing Dragonite used <strong>Dragon Dance</strong>!<br></div><div class="battle-history"><small>The opposing Dragonite's Attack rose!</small><br></div><div class="battle-history"><small>The opposing Dragonite's Speed rose!</small><br></div><div class="spacer battle-history"><br></div><div class="battle-history">Groudon used <strong>Rock Slide</strong>!<br></div><div class="battle-history"><small>It's not very effective on the opposing Klefki.</small><br></div><div class="battle-history"><small>It's super effective on the opposing Dragonite!</small><br></div><div class="battle-history"><small>(The opposing Klefki lost 5% of its health!)</small><br></div><div class="battle-history"><small>(The opposing Dragonite lost 16% of its health!)</small><br></div><div class="battle-history"><small>(The opposing Dragonite used its Weakness Policy!)</small><br></div><div class="battle-history"><small>The Weakness Policy sharply raised the opposing Dragonite's Attack!</small><br></div><div class="battle-history"><small>The Weakness Policy sharply raised the opposing Dragonite's Sp. Atk!</small><br></div><div class="spacer battle-history"><br></div><div class="battle-history"><small>(The sunlight is strong.)</small><br></div><div class="battle-history">[Charizard's Solar Power]<br><small>(Charizard was hurt!)</small><br></div><div class="spacer battle-history"><br></div><h2 class="battle-history">Turn 2</h2><div class="spacer battle-history"><br></div><div class="battle-history"><small>(The opposing Dragonite's Dynamax!)</small><br></div><div class="battle-history"><small>(Charizard's Dynamax!)</small><br></div><div class="spacer battle-history"><br></div><div class="battle-history">The opposing Klefki used <strong>Thunder Wave</strong>!<br></div><div class="battle-history"><small>Charizard is paralyzed! It may be unable to move!</small><br></div><div class="spacer battle-history"><br></div><div class="battle-history">The opposing Dragonite used <strong>Max Airstream</strong>!<br></div><div class="battle-history"><small>(Charizard lost 88% of its health!)</small><br></div><div class="battle-history"><small>The opposing Klefki's Speed rose!</small><br></div><div class="battle-history"><small>The opposing Dragonite's Speed rose!</small><br></div><div class="spacer battle-history"><br></div><div class="battle-history">Charizard fainted!<br></div><div class="battle-history">Groudon used <strong>Rock Slide</strong>!<br></div><div class="battle-history"><small>It's not very effective on the opposing Klefki.</small><br></div><div class="battle-history"><small>It's super effective on the opposing Dragonite!</small><br></div><div class="battle-history"><small>(The opposing Klefki lost 6% of its health!)</small><br></div><div class="battle-history"><small>(The opposing Dragonite lost 18% of its health!)</small><br></div><div class="spacer battle-history"><br></div><div class="battle-history"><small>(The sunlight is strong.)</small><br></div><div class="spacer battle-history"><br></div><div class="battle-history"><small>SnarkAttacks forfeited.</small><br></div><div class="spacer battle-history"><br></div><div class="battle-history"><strong>amzamora</strong> won the battle!<br></div><div class="chat">SnarkAttacks's rating: 1193 → <strong>1164</strong><br>(-29 for losing)</div><div class="chat">amzamora's rating: 1131 → <strong>1160</strong><br>(+29 for winning)</div><div class="chat"><small>‽SnarkAttacks and ☆amzamora left</small></div><div class="chat">Ladder isn't responding, score probably updated but might not have (Request timeout).</div><div class="chat"><small>‽SnarkAttacks joined</small></div></div><div class="inner-preempt message-log"></div></div></div>
</div>
<script>
let daily = Math.floor(Date.now()/1000/60/60/24);document.write('<script src="https://play.pokemonshowdown.com/js/replay-embed.js?version'+daily+'"></'+'script>');
</script>
